<record><leader>00000cas a22000007a 4500</leader><controlfield tag="001">15302683</controlfield><controlfield tag="008">870311d18901922pauwr ne      0    0eng d</controlfield><datafield ind1=" " ind2=" " tag="010"><subfield code="a">sn 88079025 </subfield></datafield><datafield ind1=" " ind2=" " tag="040"><subfield code="a">NPH</subfield><subfield code="b">eng</subfield><subfield code="c">NPH</subfield><subfield code="d">OCLCQ</subfield></datafield><datafield ind1=" " ind2=" " tag="042"><subfield code="a">msc</subfield></datafield><datafield ind1="0" ind2=" " tag="130"><subfield code="a">Leader-courier (Osceola Mills, Pa.)</subfield></datafield><datafield ind1="1" ind2="0" tag="245"><subfield code="a">Leader-courier.</subfield></datafield><datafield ind1="1" ind2="7" tag="246"><subfield code="a">Osceola leader-courier</subfield></datafield><datafield ind1=" " ind2=" " tag="260"><subfield code="a">Osceola Mills, Pa. :</subfield><subfield code="b">McFadden &amp; McCully Print. Co.,</subfield><subfield code="c">1890-</subfield></datafield><datafield ind1=" " ind2=" " tag="300"><subfield code="a">v.</subfield></datafield><datafield ind1=" " ind2=" " tag="310"><subfield code="a">Weekly</subfield></datafield><datafield ind1="0" ind2=" " tag="362"><subfield code="a">New ser., v. 3, no. 10 (Sept. 12, 1890)-</subfield></datafield><datafield ind1="1" ind2=" " tag="362"><subfield code="a">Ceased in 1922?</subfield><subfield code="z">Cf. Rossell, G.E., Pa. newspapers.</subfield></datafield><datafield ind1=" " ind2=" " tag="752"><subfield code="a">United States</subfield><subfield code="b">Pennsylvania</subfield><subfield code="c">Clearfield</subfield><subfield code="d">Osceola Mills.</subfield></datafield><datafield ind1="0" ind2="4" tag="780"><subfield code="t">Osceola leader (Osceola Mills, Pa. : 1889)</subfield><subfield code="w">(DLC)sn 87078341</subfield></datafield><datafield ind1="0" ind2="4" tag="780"><subfield code="t">Courier (Osceola Mills, Pa.)</subfield></datafield><datafield ind1="0" ind2="0" tag="785"><subfield code="t">Osceloa leader (Osceola Mills, Pa. : 1922)</subfield><subfield code="w">(DLC)sn 85054935</subfield></datafield></record>